
@article{stark_beobachtungen_1914,
	title = {Beobachtungen über den {Effekt} des elektrischen {Feldes} auf {Spektrallinien}. {I}. {Quereffekt}},
	volume = {348},
	copyright = {Copyright © 1914 WILEY‐VCH Verlag GmbH \& Co. KGaA, Weinheim},
	issn = {1521-3889},
	url = {https://onlinelibrary.wiley.com/doi/abs/10.1002/andp.19143480702},
	doi = {10.1002/andp.19143480702},
	language = {en},
	number = {7},
	urldate = {2019-06-28},
	journal = {Annalen der Physik},
	author = {Stark, J.},
	year = {1914},
	pages = {965--982},
	file = {Snapshot:/Users/banano/Zotero/storage/QUGEJHS8/andp.html:text/html;Submitted Version:/Users/banano/Zotero/storage/888W7T6E/Stark - 1914 - Beobachtungen über den Effekt des elektrischen Fel.pdf:application/pdf}
}


